<record><leader>00000cas a22000007a 4500</leader><controlfield tag="001">21616328</controlfield><controlfield tag="008">900529d19061926coudn ne      0    0eng d</controlfield><datafield ind1=" " ind2=" " tag="010"><subfield code="a">sn 90051338 </subfield></datafield><datafield ind1=" " ind2=" " tag="040"><subfield code="a">CNQ</subfield><subfield code="b">eng</subfield><subfield code="c">CNQ</subfield><subfield code="d">OCLCQ</subfield></datafield><datafield ind1=" " ind2=" " tag="042"><subfield code="a">msc</subfield></datafield><datafield ind1="0" ind2=" " tag="130"><subfield code="a">Daily record (Canon City, Colo. : 1906)</subfield></datafield><datafield ind1="1" ind2="4" tag="245"><subfield code="a">The daily record.</subfield></datafield><datafield ind1="1" ind2="7" tag="246"><subfield code="a">Canon City daily record</subfield></datafield><datafield ind1=" " ind2=" " tag="260"><subfield code="a">Canon City, Colo. :</subfield><subfield code="b">Guy U. Hardy</subfield></datafield><datafield ind1=" " ind2=" " tag="300"><subfield code="a">v.</subfield></datafield><datafield ind1=" " ind2=" " tag="310"><subfield code="a">Daily (except Sun.)</subfield></datafield><datafield ind1="1" ind2=" " tag="362"><subfield code="a">Began in 1906?</subfield></datafield><datafield ind1="0" ind2=" " tag="362"><subfield code="a">-v. 20, no. 147 (June 22, 1926).</subfield></datafield><datafield ind1=" " ind2=" " tag="530"><subfield code="a">Available on microfilm from the Colorado Historical Society.</subfield></datafield><datafield ind1=" " ind2=" " tag="580"><subfield code="a">Weekly eds.: Canon City record Fremont County leader, 1925, and: Canon City record, 1925.</subfield></datafield><datafield ind1=" " ind2=" " tag="588"><subfield code="a">Description based on: Vol. 15, no. 133 (June 4, 1921).</subfield></datafield><datafield ind1=" " ind2=" " tag="752"><subfield code="a">United States</subfield><subfield code="b">Colorado</subfield><subfield code="c">Fremont</subfield><subfield code="d">Canon City.</subfield></datafield><datafield ind1="1" ind2=" " tag="775"><subfield code="t">Canon City record Fremont County leader</subfield><subfield code="w">(DLC)sn 90051337</subfield></datafield><datafield ind1="1" ind2=" " tag="775"><subfield code="t">Canon City record (Canon City, Colo. : 1925)</subfield><subfield code="w">(DLC)sn 90051336</subfield></datafield><datafield ind1="0" ind2="0" tag="780"><subfield code="t">Canon City daily record (Canon City, Colo. : 1898)</subfield><subfield code="w">(DLC)sn 91052591</subfield></datafield><datafield ind1="0" ind2="0" tag="785"><subfield code="t">Canon City daily record (Canon City, Colo. : 1926)</subfield><subfield code="w">(DLC)sn 85067312</subfield></datafield><datafield ind1="1" ind2=" " tag="029"><subfield code="a">AU@</subfield><subfield code="b">000025851505</subfield></datafield></record>